@misc{EC96,
  author =	 {{European Commission}},
  title =	 {Strategic Developments for the European Publishing
                  Industry towards the Year 2000 - Europe's Multimedia
                  Challenge},
  year =	 1996
}

@article{lecun2015deep,
	title={Deep learning},
	author={LeCun, Yann and Bengio, Yoshua and Hinton, Geoffrey},
	journal={Nature},
	volume={521},
	number={7553},
	pages={436--444},
	year={2015},
	publisher={Nature Research}
}

@inproceedings{krizhevsky2012imagenet,
	title={Imagenet classification with deep convolutional neural networks},
	author={Krizhevsky, Alex and Sutskever, Ilya and Hinton, Geoffrey E},
	booktitle={Advances in neural information processing systems},
	pages={1097--1105},
	year={2012}
}

@techreport{wang2017effectiveness,
	title={The effectiveness of data augmentation in image classification using deep learning},
	author={Wang, Jason and Perez, Luis},
	year={2017},
	institution={Technical report}
}

@article{gurumurthy2017deligan,
	title={DeLiGAN: Generative Adversarial Networks for Diverse and Limited Data},
	author={Gurumurthy, Swaminathan and Sarvadevabhatla, Ravi Kiran and Radhakrishnan, Venkatesh Babu},
	journal={arXiv preprint arXiv:1706.02071},
	year={2017}
}

@article{chawla2002smote,
	title={SMOTE: synthetic minority over-sampling technique},
	author={Chawla, Nitesh V and Bowyer, Kevin W and Hall, Lawrence O and Kegelmeyer, W Philip},
	journal={Journal of artificial intelligence research},
	volume={16},
	pages={321--357},
	year={2002}
}

@inproceedings{wong2016understanding,
	title={Understanding data augmentation for classification: when to warp?},
	author={Wong, Sebastien C and Gatt, Adam and Stamatescu, Victor and McDonnell, Mark D},
	booktitle={Digital Image Computing: Techniques and Applications (DICTA), 2016 International Conference on},
	pages={1--6},
	year={2016},
	organization={IEEE}
}

@inproceedings{wirth2000crisp,
	title={CRISP-DM: Towards a standard process model for data mining},
	author={Wirth, R{\"u}diger and Hipp, Jochen},
	booktitle={Proceedings of the 4th international conference on the practical applications of knowledge discovery and data mining},
	pages={29--39},
	year={2000}
}

@inproceedings{goodfellow2014generative,
	title={Generative adversarial nets},
	author={Goodfellow, Ian and Pouget-Abadie, Jean and Mirza, Mehdi and Xu, Bing and Warde-Farley, David and Ozair, Sherjil and Courville, Aaron and Bengio, Yoshua},
	booktitle={Advances in neural information processing systems},
	pages={2672--2680},
	year={2014}
}